@misc{amoros_2016, title={Top Professional Sports Leagues by Revenue}, url={https://howmuch.net/articles/sports-leagues-by-revenue}, journal={HowMuch}, author={Amoros, Raul}, year={2016}, month={Jul}}

@misc{gough_2019, title={NBA Finals average US TV viewership 2002-2019}, url={https://www.statista.com/statistics/240377/nba-finals-tv-viewership-in-the-united-states/}, journal={Statista}, author={Gough, Christina}, year={2019}, month={Aug}}

@article{predicting_maximum_entropy,
author = {Cheng, Ge and Zhang, Zhenyu and Kyebambe, Moses and Nasser, Kimbugwe},
year = {2016},
month = {12},
pages = {450},
title = {Predicting the Outcome of NBA Playoffs Based on the Maximum Entropy Principle},
volume = {18},
journal = {Entropy},
doi = {10.3390/e18120450}}

@misc{legal_sports_report, key={Legal Sports Report}, title={Sports Betting Revenue Tracker US Betting Revenue And Handle By State}, url={https://www.legalsportsreport.com/sports-betting/revenue/}, journal={Legal Sports Report}, year={2020}, month={Jun}}

@phdthesis{jones2016predicting,
  title={Predicting outcomes of NBA basketball games},
  author={Jones, Eric Scot},
  year={2016},
  school={North Dakota State University}
}

@misc{licata_2019, title={42 states have or are moving towards legalizing sports betting – here are the states where sports betting is legal}, url={https://www.businessinsider.com/states-where-sports-betting-legal-usa-2019-7}, journal={Business Insider}, publisher={Business Insider}, author={Licata, Alexandra}, year={2019}, month={Aug}}

@article { RelativeImportanceofPerformanceFactorsinWinningNBAGamesinRegularSeasonversusPlayoffs,
      author = "Masaru Teramoto and Chad L. Cross",
      title = "Relative Importance of Performance Factors in Winning NBA Games in Regular Season versus Playoffs",
      journal = "Journal of Quantitative Analysis in Sports",
      year = "2010",
      publisher = "De Gruyter",
      address = "Berlin, Boston",
      volume = "6",
      number = "3",
      url = "https://www.degruyter.com/view/journals/jqas/6/3/article-jqas.2010.6.3.1260.xml.xml"
}

@article { IdentifyingBasketballPerformanceIndicatorsinRegularSeasonandPlayoffGames,
      author = "Javier García and Sergio J. Ibáñez and Raúl Martinez De Santos and Nuno Leite and Jaime Sampaio",
      title = "Identifying Basketball Performance Indicators in Regular Season and Playoff Games",
      journal = "Journal of Human Kinetics",
      year = "2013",
      publisher = "Sciendo",
      address = "Berlin",
      volume = "36",
      number = "1",
      url = "https://content.sciendo.com/view/journals/hukin/36/1/article-p161.xml"
}